<?xml version="1.0" encoding="UTF-8"?><collection><record><leader>10814ntm a2201273 a 4500</leader><controlfield tag="001">006825644</controlfield><controlfield tag="003">MiAaHDL</controlfield><controlfield tag="005">20190719000000.0</controlfield><controlfield tag="006">m        d        </controlfield><controlfield tag="007">cr bn ---auaua</controlfield><controlfield tag="008">090626s1938    xx            00| ||ara d</controlfield><datafield tag="035" ind1=" " ind2=" "><subfield code="a">(MiU)006825644</subfield></datafield><datafield tag="035" ind1=" " ind2=" "><subfield code="a">sdr-miu006825644</subfield></datafield><datafield tag="040" ind1=" " ind2=" "><subfield code="a">MiU</subfield><subfield code="c">MiU</subfield><subfield code="e">amremm</subfield></datafield><datafield tag="043" ind1=" " ind2=" "><subfield code="a">n-us-mi</subfield></datafield><datafield tag="245" ind1="0" ind2="0"><subfield code="6">880-01</subfield><subfield code="a">[Majmūʻat rasāʼil,</subfield><subfield code="f">1357, i.e. 1938].</subfield></datafield><datafield tag="246" ind1="3" ind2="8"><subfield code="a">شرح الدواني وشرح مير غياث</subfield></datafield><datafield tag="260" ind1=" " ind2=" "><subfield code="c">[1938].</subfield></datafield><datafield tag="300" ind1=" " ind2=" "><subfield code="a">250 leaves :</subfield><subfield code="b">paper ;</subfield><subfield code="c">310 x 212 mm. bound to 321 x 222 mm.</subfield></datafield><datafield tag="500" ind1=" " ind2=" "><subfield code="a">Shelfmark: Ann Arbor, University of Michigan, Special Collections Library, Isl. Ms. 923</subfield></datafield><datafield tag="500" ind1=" " ind2=" "><subfield code="a">Origin: As appears in colophon on p.99, transcription of opening work completed 27 Muḥarram 1357, corresponding to 29 March 1938 and 20 Baramhāt [1654]. As appears in colophon on p.125, transcription of second work completed 2 Ṣafar 1357, corresponding to 3 April 1938 and 25 Baramāt 1656 [1654]. Likely copied in Egypt and eventually bound for James Heyworth-Dunne (d.1974).</subfield></datafield><datafield tag="500" ind1=" " ind2=" "><subfield code="a">Former shelfmark: Mich. Isl. Ms. temp. no. 72</subfield></datafield><datafield tag="500" ind1=" " ind2=" "><subfield code="a">Binding: Boards covered in dark green cloth with dark green leather over spine (quarter binding) ; pastedowns and flyleaves in wove paper printed with a floral vegetal pattern in green ; spine gold-stamped with title and decorative accents over raised bands "شرح الدواني | وشرح مير غياث | J.H.D." ; sewing difficult to examine ; stuck-on endbands (blue and white stripe) ; overall in fairly good condition.</subfield></datafield><datafield tag="500" ind1=" " ind2=" "><subfield code="a">Support: Lined / ruled wove paper.</subfield></datafield><datafield tag="500" ind1=" " ind2=" "><subfield code="a">Script: Ruqʻah ; compact hand in thin to bold line (line thickness varies considerably) ; serifless and freely ligatured with slight effect of inclination to the right and of words descending to baseline, pointing somewhat careless and in strokes rather than distinct dots.</subfield></datafield><datafield tag="500" ind1=" " ind2=" "><subfield code="a">Layout: Written mainly in 26 lines per page.</subfield></datafield><datafield tag="500" ind1=" " ind2=" "><subfield code="a">Collation: Pages between works left blank with some serving as 'title pages' (see pp.101, 129, 425) ; Pagination in pencil, Western numerals, supplied during digitization ; pagination in black ink and pencil, Hindu-Arabic numerals supplied for most of second work (pp.103-121) ; text of p.145 has been struck through by the copyist and is accompanied by a marginal note in which he explains his error.</subfield></datafield><datafield tag="500" ind1=" " ind2=" "><subfield code="a">Colophon: "Scribal," reads "قد وقع الفراغ في يوم الثلاثاء الموافق ٢٧ من محرم ١٣٥٧ المطابق ليوم ٢٩ من مارس ١٩٣٨ والمصادف للعشرين من برمهات شهر الخيرات والبركات" ; "Scribal," reads "كمل هذا التلخيص في ثاني صفر الخير ١٣٥٧ ثالث ابريل ١٩٣٨ ٢٥ برمات ١٦٥٦"</subfield></datafield><datafield tag="500" ind1=" " ind2=" "><subfield code="a">Title supplied by cataloguer from inscription on 'title page' (p.1).</subfield></datafield><datafield tag="500" ind1=" " ind2=" "><subfield code="a">Ms. codex.</subfield></datafield><datafield tag="505" ind1="0" ind2=" "><subfield code="a">17. p.487-500 : [excerpts from assorted treatises of Bahmanyār including Mā baʻda al-Ṭabīʻah and Risālah fī Marātib al-mawjūdāt] / Bahmanyār ibn al-Marzubān.</subfield></datafield><datafield tag="505" ind1="0" ind2=" "><subfield code="a">16. p.470-p.487 : Thālith al-qamarayn sharḥ baytay al-Raqmatayn / [ʻAbd al-Raḥīm ibn ʻAbd al-Raḥmān al-Suyūṭī].</subfield></datafield><datafield tag="505" ind1="0" ind2=" "><subfield code="a">15. p.438-p.487 : [Mishkāt al-anwār] / al-Ghazālī.</subfield></datafield><datafield tag="505" ind1="0" ind2=" "><subfield code="a">14. p.425-p.437 : Hayākil al-nūr / li-Shihāb al-Dīn Abī al-Futūḥ Yaḥyá ibn Ḥabash al-Suhrawardī.</subfield></datafield><datafield tag="505" ind1="0" ind2=" "><subfield code="a">13. p.422-p.424 : Tanwīr al-afhām sharḥ Tahdhīb al-kalām [excerpt, compare Isl. Ms. 988].</subfield></datafield><datafield tag="505" ind1="0" ind2=" "><subfield code="a">12. p.356-p.422 : [al-Ḥikmah al-ʻarshīyah] / Muḥammad ibn Ibrāhīm Ṣadr al-Dīn al-Shīrāzī.</subfield></datafield><datafield tag="505" ind1="0" ind2=" "><subfield code="a">11. p.313-p.356 : Risālat al-Mashāʻir / li-Ṣadr al-Mutaʼallihīn [Muḥammad ibn Ibrāhīm Ṣadr al-Dīn al-Shīrāzī].</subfield></datafield><datafield tag="505" ind1="0" ind2=" "><subfield code="a">10. p.209-p.312 : Sharḥ al-Jalāl al-Dawānī ʻalá Hayākil al-nūr / Jalāl a-Dīn Muḥammad ibn Asʻad al-Dawānī.</subfield></datafield><datafield tag="505" ind1="0" ind2=" "><subfield code="a">9. p.208 : [blank].</subfield></datafield><datafield tag="505" ind1="0" ind2=" "><subfield code="a">8. p.146-p.207 : [Selection of speeches and letters by ʻAbd al-Bahāʼ ʻAbbās Afandī opening with Khuṭbat ʻAbd al-Bahāʼ fī Kanīsat San Jūrj fī Wastminstar] / ʻAbduʼl-Bahá.</subfield></datafield><datafield tag="505" ind1="0" ind2=" "><subfield code="a">7. p.145 : [text crossed out by copyist].</subfield></datafield><datafield tag="505" ind1="0" ind2=" "><subfield code="a">6. p.129-p.144 : Talkhīṣ Kitāb sharḥ al-iṣṭilāḥāt al-ʻirfānīyah [appears to be a second, longer attempt at the preceding abrigdment].</subfield></datafield><datafield tag="505" ind1="0" ind2=" "><subfield code="a">5. p.128 : [blank].</subfield></datafield><datafield tag="505" ind1="0" ind2=" "><subfield code="a">4. p.126-p.127 : Min Talkhīṣ li-kitāb ākhar fī al-iṣṭilāḥāt.</subfield></datafield><datafield tag="505" ind1="0" ind2=" "><subfield code="a">3. p.101-p.125 : [Iṣṭilāḥāt al-Ṣūfīyah, or Sullam al-wuṣūl talkhīṣ Jāmiʻ al-uṣūl] / ʻAbd al-Razzāq al-Qāshānī.</subfield></datafield><datafield tag="505" ind1="0" ind2=" "><subfield code="a">2. p.100 : [blank].</subfield></datafield><datafield tag="505" ind1="0" ind2=" "><subfield code="a">1. p.2-p.99 : Sharḥ al-Dawānī wa-Sharḥ Mīr Ghiyāth ʻalá al-Hayākil / Muḥammad ibn Asʻad al-Dawānī and Ghiyāth al-Dīn Manṣūr Dashtakī Shīrāzī.</subfield></datafield><datafield tag="510" ind1="4" ind2=" "><subfield code="a">Lambton, A.K.S. "al-Dawānī, Muḥammad b. Asʿad Ḏj̲alāl al-Dīn." In EI2,</subfield><subfield code="c">vol.II, p.173, col.1</subfield></datafield><datafield tag="510" ind1="4" ind2=" "><subfield code="a">Āghā Buzurg al-Ṭihrānī. al-Dharīʻah ilá taṣānīf al-Shīʻah, no.1726 vol.20 p.13</subfield><subfield code="c">no.404 vol.2</subfield></datafield><datafield tag="510" ind1="4" ind2=" "><subfield code="a">Brockelmann, C. GAL,</subfield><subfield code="c">I 458 ; S I 828</subfield></datafield><datafield tag="510" ind1="4" ind2=" "><subfield code="a">Brockelmann, C. GAL,</subfield><subfield code="c">I 419 ff. ; S I 744 ff.</subfield></datafield><datafield tag="510" ind1="4" ind2=" "><subfield code="a">Brockelmann, C. GAL,</subfield><subfield code="c">II 215 ; S II 302</subfield></datafield><datafield tag="510" ind1="4" ind2=" "><subfield code="a">Brockelmann, C. GAL,</subfield><subfield code="c">II 413 ; S II 588-9</subfield></datafield><datafield tag="510" ind1="4" ind2=" "><subfield code="a">Brockelmann, C. GAL,</subfield><subfield code="c">I 262 ; S I 464</subfield></datafield><datafield tag="510" ind1="4" ind2=" "><subfield code="a">Brockelmann, C. GAL,</subfield><subfield code="c">II 217 ; S II 306 ff.</subfield></datafield><datafield tag="520" ind1="8" ind2=" "><subfield code="a">Careful copy of a collection (majmūʻah) of mainly philosophical and Ṣūfistic texts opening with excerpts from the commentaries by Jalāl al-Dīn Muḥammad ibn Asʻad al-Dawānī (d.1502 or 3) and Ghiyāth al-Dīn Manṣūr Dashtakī Shīrāzī (d.1542) on Shihāb al-Dīn Yaḥyá ibn Ḥabash al-Suhrawardī's (d.1191) Hayākil al-nūr.</subfield></datafield><datafield tag="538" ind1=" " ind2=" "><subfield code="a">Mode of access: Internet.</subfield></datafield><datafield tag="541" ind1=" " ind2=" "><subfield code="a">Acquired in the Fall of 1950.</subfield></datafield><datafield tag="546" ind1=" " ind2=" "><subfield code="a">Arabic.</subfield></datafield><datafield tag="561" ind1=" " ind2=" "><subfield code="a">On upper pastedown label with ex libris of James Heyworth-Dunne (d.1974), stamped with inventory number, "Ex Libris | J. Heyworth-Dunne | D. Lit. (London) | No 7964" ; possible former inventory mark in pencil on ’title page’ (p.1) "231 / 53" ; UM Library inscription on p.3 "Dunning | Heyworth-Dunne | 6-11-51 | 71955" ; marginal glosses.</subfield></datafield><datafield tag="600" ind1="1" ind2="0"><subfield code="a">Taftāzānī, Masʻūd ibn ʻUmar,</subfield><subfield code="d">1322-1389?</subfield><subfield code="t">Tahdhīb al-manṭiq wa-al-kalām.</subfield></datafield><datafield tag="600" ind1="1" ind2="0"><subfield code="a">Suhrawardī, Yaḥyá ibn Ḥabash,</subfield><subfield code="d">1152 or 1153-1191.</subfield><subfield code="t">Hayākil al-nūr.</subfield></datafield><datafield tag="630" ind1="0" ind2="0"><subfield code="a">Qurʼan.</subfield><subfield code="p">Sūrat al-Nūr</subfield><subfield code="x">Criticism, interpretation, etc.</subfield><subfield code="v">Early works to 1800.</subfield></datafield><datafield tag="650" ind1=" " ind2="0"><subfield code="a">Manuscripts, Arabic</subfield><subfield code="z">Michigan</subfield><subfield code="z">Ann Arbor.</subfield></datafield><datafield tag="650" ind1=" " ind2="0"><subfield code="a">Arabic poetry</subfield><subfield code="x">History and criticism.</subfield></datafield><datafield tag="650" ind1=" " ind2="0"><subfield code="a">Logic</subfield><subfield code="v">Early works to 1800.</subfield></datafield><datafield tag="650" ind1=" " ind2="0"><subfield code="a">Bahai Faith.</subfield></datafield><datafield tag="650" ind1=" " ind2="0"><subfield code="a">Sufism</subfield><subfield code="x">Terminology</subfield><subfield code="v">Dictionaries</subfield><subfield code="x">Arabic</subfield><subfield code="v">Early works to 1800.</subfield></datafield><datafield tag="650" ind1=" " ind2="0"><subfield code="a">Sufism</subfield><subfield code="v">Dictionaries</subfield><subfield code="x">Arabic</subfield><subfield code="v">Early works to 1800.</subfield></datafield><datafield tag="650" ind1=" " ind2="0"><subfield code="a">Islam</subfield><subfield code="x">Doctrines</subfield><subfield code="v">Early works to 1800.</subfield></datafield><datafield tag="650" ind1=" " ind2="0"><subfield code="a">Sufism</subfield><subfield code="x">Doctrines</subfield><subfield code="v">Early works to 1800.</subfield></datafield><datafield tag="650" ind1=" " ind2="0"><subfield code="a">Ishrāqīyah</subfield><subfield code="v">Early works to 1800.</subfield></datafield><datafield tag="650" ind1=" " ind2="0"><subfield code="a">Islamic philosophy</subfield><subfield code="v">Early works to 1800.</subfield></datafield><datafield tag="700" ind1="1" ind2=" "><subfield code="a">Heyworth-Dunne, J.</subfield><subfield code="q">(James),</subfield><subfield code="e">former owner.</subfield></datafield><datafield tag="700" ind1="1" ind2="2"><subfield code="6">880-19</subfield><subfield code="a">Bahmanyār ibn al-Marzubān, Abū al-Ḥasan,</subfield><subfield code="d">-1065 or 1066.</subfield><subfield code="t">Risālah fī Marātib al-mawjūdāt.</subfield></datafield><datafield tag="700" ind1="1" ind2="2"><subfield code="6">880-18</subfield><subfield code="a">Bahmanyār ibn al-Marzubān, Abū al-Ḥasan,</subfield><subfield code="d">-1065 or 1066.</subfield><subfield code="t">Mā baʻda al-Ṭabīʻah.</subfield></datafield><datafield tag="700" ind1="1" ind2="2"><subfield code="6">880-17</subfield><subfield code="a">Suyūṭī, ʻAbd al-Raḥīm ibn ʻAbd al-Raḥmān,</subfield><subfield code="d">d. 1923?</subfield><subfield code="t">Thālith al-qamarayn sharḥ baytay al-Raqmatayn al-shahīrayn.</subfield></datafield><datafield tag="700" ind1="0" ind2="2"><subfield code="6">880-16</subfield><subfield code="a">Ghazzālī,</subfield><subfield code="d">1058-1111.</subfield><subfield code="t">Mishkāt al-anwār.</subfield></datafield><datafield tag="700" ind1="1" ind2="2"><subfield code="6">880-14</subfield><subfield code="a">Suhrawardī, Yaḥyá ibn Ḥabash,</subfield><subfield code="d">1152 or 1153-1191.</subfield><subfield code="t">Hayākil al-nūr.</subfield></datafield><datafield tag="700" ind1="1" ind2="2"><subfield code="6">880-13</subfield><subfield code="a">Ṣadr al-Dīn al-Shīrāzī, Muḥammad ibn Ibrāhīm,</subfield><subfield code="d">d. 1641.</subfield><subfield code="t">Ḥikmah al-ʻarshīyah.</subfield></datafield><datafield tag="700" ind1="1" ind2="2"><subfield code="6">880-12</subfield><subfield code="a">Ṣadr al-Dīn al-Shīrāzī, Muḥammad ibn Ibrāhīm,</subfield><subfield code="d">d. 1641.</subfield><subfield code="t">Mashāʻir.</subfield></datafield><datafield tag="700" ind1="0" ind2="2"><subfield code="6">880-11</subfield><subfield code="a">ʻAbduʼl-Bahá,</subfield><subfield code="d">1844-1921.</subfield><subfield code="t">Correspondence.</subfield><subfield code="k">Selections.</subfield></datafield><datafield tag="700" ind1="0" ind2="2"><subfield code="6">880-09</subfield><subfield code="a">ʻAbduʼl-Bahá,</subfield><subfield code="d">1844-1921.</subfield><subfield code="t">Speeches.</subfield><subfield code="l">Arabic.</subfield><subfield code="k">Selections.</subfield></datafield><datafield tag="700" ind1="0" ind2="2"><subfield code="6">880-05</subfield><subfield code="a">ʻAbd al-Razzāq al-Qāshānī,</subfield><subfield code="d">-1330?</subfield><subfield code="t">Iṣṭilāḥāt al-Ṣūfīyah.</subfield></datafield><datafield tag="700" ind1="1" ind2="2"><subfield code="6">880-04</subfield><subfield code="a">Dashtakī Shīrāzī, Ghiyāth al-Dīn Manṣūr,</subfield><subfield code="d">1461-1542.</subfield><subfield code="t">Ishrāq Hayākil al-nūr.</subfield><subfield code="k">Selections.</subfield></datafield><datafield tag="700" ind1="1" ind2="2"><subfield code="6">880-02</subfield><subfield code="a">Dawwānī, Muḥammad ibn Asʻad,</subfield><subfield code="d">1426 or 1427-1512 or 1513.</subfield><subfield code="t">Shawākil al-ḥūr.</subfield></datafield><datafield tag="740" ind1="0" ind2="2"><subfield code="6">880-15</subfield><subfield code="a">Tanwīr al-afhām sharḥ Tahdhīb al-kalām</subfield></datafield><datafield tag="740" ind1="0" ind2="2"><subfield code="a">خطبة عبد البهاء في كنيسة سان جورج في وستمنستر</subfield></datafield><datafield tag="740" ind1="0" ind2="2"><subfield code="6">880-08</subfield><subfield code="a">Talkhīṣ Kitāb sharḥ al-iṣṭilāḥāt al-ʻirfānīyah</subfield></datafield><datafield tag="740" ind1="0" ind2="2"><subfield code="6">880-07</subfield><subfield code="a">Min Talkhīṣ li-kitāb ākhar fī al-muṣṭalaḥāt</subfield></datafield><datafield tag="740" ind1="0" ind2="2"><subfield code="6">880-06</subfield><subfield code="a">Sullam al-wuṣūl talkhīṣ Jāmiʻ al-uṣūl</subfield></datafield><datafield tag="773" ind1="0" ind2=" "><subfield code="a">Heyworth-Dunne Collection.</subfield></datafield><datafield tag="880" ind1="1" ind2="2"><subfield code="6">700-19/</subfield><subfield code="a">مهمنيار بن المرزبان، ابو الحسن.</subfield><subfield code="t">رسالة في مراتب الموجودات.</subfield></datafield><datafield tag="880" ind1="1" ind2="2"><subfield code="6">700-18/</subfield><subfield code="a">بهمنيار بن المرزبان، ابو الحسن،</subfield><subfield code="t">ما بعد الطبيعة.</subfield></datafield><datafield tag="880" ind1="1" ind2="2"><subfield code="6">700-17/</subfield><subfield code="a">سيوطي، عبد الرحيم بن عبد الرحمن.</subfield><subfield code="t">ثالث القمرين شرح بيتي الرقمتين الشهيرين.</subfield></datafield><datafield tag="880" ind1="0" ind2="2"><subfield code="6">700-16/</subfield><subfield code="a">غزالي.</subfield><subfield code="t">مشكاة الانوار.</subfield></datafield><datafield tag="880" ind1="0" ind2="2"><subfield code="6">740-15/</subfield><subfield code="a">تنوير الافهام شرح تهذيب الكلام</subfield></datafield><datafield tag="880" ind1="1" ind2="2"><subfield code="6">700-14/</subfield><subfield code="a">سهروردي، يحيى بن حبش.</subfield><subfield code="t">هياكل النور.</subfield></datafield><datafield tag="880" ind1="1" ind2="2"><subfield code="6">700-13/</subfield><subfield code="a">صدر الدين الشيرازي، محمد بن ابراهيم.</subfield><subfield code="t">حكمة العرشية.</subfield></datafield><datafield tag="880" ind1="1" ind2="2"><subfield code="6">700-12/</subfield><subfield code="a">صدر الدين الشيرازي، محمد بن ابراهيم.</subfield><subfield code="t">مشاعر.</subfield></datafield><datafield tag="880" ind1="0" ind2="2"><subfield code="6">700-11/</subfield><subfield code="a">عبد البهاء.</subfield><subfield code="t">رسائل.</subfield><subfield code="k">مختارات.</subfield></datafield><datafield tag="880" ind1="0" ind2="2"><subfield code="6">700-09/</subfield><subfield code="a">عبد البهاء.</subfield><subfield code="t">خطب عبد البهاء في اوربا وامريكا.</subfield><subfield code="k">مختارات.</subfield></datafield><datafield tag="880" ind1="0" ind2="2"><subfield code="6">740-08/</subfield><subfield code="a">تلخيص كتاب شرح الاصطلاحات العرفانية</subfield></datafield><datafield tag="880" ind1="0" ind2="2"><subfield code="6">740-07/</subfield><subfield code="a">من تلخيص لكتاب آخر في المصطلاحات</subfield></datafield><datafield tag="880" ind1="0" ind2="2"><subfield code="6">740-06/</subfield><subfield code="a">سلم الوصول تلخيص جامع الاصول</subfield></datafield><datafield tag="880" ind1="0" ind2="2"><subfield code="6">700-05/</subfield><subfield code="a">عبد الرزاق القاشاني.</subfield><subfield code="t">اصطلاحات الصوفية.</subfield></datafield><datafield tag="880" ind1="1" ind2="2"><subfield code="6">700-04/</subfield><subfield code="a">دشتكي شيرازي، غياث الدين منصور.</subfield><subfield code="t">اشراق هياكل النور.</subfield><subfield code="k">مختارات.</subfield></datafield><datafield tag="880" ind1="1" ind2="2"><subfield code="6">700-02/</subfield><subfield code="a">دواني، محمد بن اسعد.</subfield><subfield code="t">شواكل الحور.</subfield></datafield><datafield tag="880" ind1="0" ind2="0"><subfield code="6">245-01/</subfield><subfield code="a">[مجموعة رسائل,</subfield><subfield code="f">1357ه، 1938م].</subfield></datafield><datafield tag="CID" ind1=" " ind2=" "><subfield code="a">006825644</subfield></datafield><datafield tag="DAT" ind1="0" ind2=" "><subfield code="a">20190719102640.0</subfield><subfield code="b">20190719000000.0</subfield></datafield><datafield tag="DAT" ind1="1" ind2=" "><subfield code="a">20190719090653.0</subfield><subfield code="b">2019-07-19T16:11:03Z</subfield></datafield><datafield tag="DAT" ind1="2" ind2=" "><subfield code="a">2015-10-02T18:00:03Z</subfield></datafield><datafield tag="CAT" ind1=" " ind2=" "><subfield code="a">SDR-MIU</subfield><subfield code="d">EX LIBRIS - ALEPH</subfield><subfield code="l">prepare.pl-004-008</subfield></datafield><datafield tag="FMT" ind1=" " ind2=" "><subfield code="a">BK</subfield></datafield><datafield tag="HOL" ind1=" " ind2=" "><subfield code="0">sdr-miu006825644</subfield><subfield code="a">MiU</subfield><subfield code="b">SDR</subfield><subfield code="c">MIU</subfield><subfield code="p">mdp.39015079131044</subfield><subfield code="s">MIU</subfield><subfield code="1">006825644</subfield></datafield><datafield tag="974" ind1=" " ind2=" "><subfield code="b">MIU</subfield><subfield code="c">MIU</subfield><subfield code="d">20190719</subfield><subfield code="s">lit-dlps-dc</subfield><subfield code="u">mdp.39015079131044</subfield><subfield code="y">1938</subfield><subfield code="r">ic-world</subfield><subfield code="q">man</subfield></datafield></record></collection>